<?xml version="1.0" encoding="UTF-8"?>
<record xmlns="http://www.loc.gov/MARC21/slim" xmlns:xsi="http://www.w3.org/2001/XMLSchema-instance" xsi:schemaLocation="http://www.loc.gov/MARC21/slim http://www.loc.gov/standards/marcxml/schema/MARC21slim.xsd">
<leader>00000cam a22        4500</leader>
<controlfield tag="001">001680051</controlfield>
<controlfield tag="003">NNU</controlfield>
<controlfield tag="005">20150116153754.0</controlfield>
<controlfield tag="008">890728s1964    iq            000 0 arar</controlfield>
<datafield tag="010" ind1=" " ind2=" ">
<subfield code="a">ne 64003034</subfield>
</datafield>
<datafield tag="035" ind1=" " ind2=" ">
<subfield code="a">(OCoLC)20087277</subfield>
</datafield>
<datafield tag="040" ind1=" " ind2=" ">
<subfield code="a">DLC</subfield>
<subfield code="b">eng</subfield>
<subfield code="c">WAU</subfield>
<subfield code="d">DLC</subfield>
<subfield code="d">OCLCF</subfield>
<subfield code="d">OCLCQ</subfield>
<subfield code="d">NNU</subfield>
</datafield>
<datafield tag="042" ind1=" " ind2=" ">
<subfield code="a">premarc</subfield>
</datafield>
<datafield tag="050" ind1="0" ind2="0">
<subfield code="a">PJ7750.A25</subfield>
<subfield code="b">Z587</subfield>
</datafield>
<datafield tag="100" ind1="0" ind2=" ">
<subfield code="6">880-01</subfield>
<subfield code="a">Bint al-Shāṭiʼ.</subfield>
</datafield>
<datafield tag="245" ind1="1" ind2="0">
<subfield code="6">880-02</subfield>
<subfield code="a">Dār al-Salām fī ḥayāt Abī al-ʻAlāʼ /</subfield>
<subfield code="c">bi-qalam ʻĀʼishah ʻAbd al-Raḥmān, Bint al-Shāṭiʼ.</subfield>
</datafield>
<datafield tag="260" ind1=" " ind2=" ">
<subfield code="6">880-03</subfield>
<subfield code="a">Baghdād :</subfield>
<subfield code="b">Wizārat al-Irshād,</subfield>
<subfield code="c">1964.</subfield>
</datafield>
<datafield tag="300" ind1=" " ind2=" ">
<subfield code="a">59 pages</subfield>
<subfield code="c">23 cm</subfield>
</datafield>
<datafield tag="336" ind1=" " ind2=" ">
<subfield code="a">text</subfield>
<subfield code="b">txt</subfield>
<subfield code="2">rdacontent</subfield>
</datafield>
<datafield tag="337" ind1=" " ind2=" ">
<subfield code="a">unmediated</subfield>
<subfield code="b">n</subfield>
<subfield code="2">rdamedia</subfield>
</datafield>
<datafield tag="338" ind1=" " ind2=" ">
<subfield code="a">volume</subfield>
<subfield code="b">nc</subfield>
<subfield code="2">rdacarrier</subfield>
</datafield>
<datafield tag="490" ind1="1" ind2=" ">
<subfield code="6">880-04</subfield>
<subfield code="a">Silsilah al-thaqāfīyah,</subfield>
<subfield code="v">4</subfield>
</datafield>
<datafield tag="530" ind1=" " ind2=" ">
<subfield code="a">Also issued online.</subfield>
</datafield>
<datafield tag="600" ind1="0" ind2="0">
<subfield code="a">Abū al-ʻAlāʼ al-Maʻarrī,</subfield>
<subfield code="d">973-1057</subfield>
<subfield code="6">880-05</subfield>
</datafield>
<datafield tag="600" ind1="0" ind2="7">
<subfield code="a">Abū al-ʻAlāʼ al-Maʻarrī,</subfield>
<subfield code="d">973-1057</subfield>
<subfield code="2">fast</subfield>
<subfield code="0">(OCoLC)fst00093688</subfield>
</datafield>
<datafield tag="776" ind1="0" ind2="8">
<subfield code="i">Online version:</subfield>
<subfield code="a">Bint al-Shāṭiʼ.</subfield>
<subfield code="t">Dār al-Salām fī ḥayāt Abī al-ʻAlāʼ.</subfield>
<subfield code="d">Baghdād, Wizārat al-Irshād, 1964</subfield>
<subfield code="w">(OCoLC)568040150</subfield>
</datafield>
<datafield tag="880" ind1="0" ind2=" ">
<subfield code="6">100-01/</subfield>
<subfield code="a">بنت الشاطئ.</subfield>
</datafield>
<datafield tag="880" ind1="1" ind2="0">
<subfield code="6">245-02/</subfield>
<subfield code="a">دار السلام في حيات ابي العلاء /</subfield>
<subfield code="c">بقلم عائشة عبد الرحمن، بنت الشاطئ.</subfield>
</datafield>
<datafield tag="880" ind1=" " ind2=" ">
<subfield code="6">260-03/</subfield>
<subfield code="a">بغداد :</subfield>
<subfield code="b">وزارة الارشاد،</subfield>
<subfield code="c">1964.</subfield>
</datafield>
<datafield tag="880" ind1="1" ind2=" ">
<subfield code="6">490-04/</subfield>
<subfield code="a">سلسلة الثقافية،</subfield>
<subfield code="v">4</subfield>
</datafield>
<datafield tag="880" ind1="0" ind2="0">
<subfield code="6">600-05/</subfield>
<subfield code="a">ابو العلاء المعري،</subfield>
<subfield code="d">973-1057.</subfield>
</datafield>
<datafield tag="830" ind1=" " ind2="0">
<subfield code="a">Silsilah al-thaqāfīyah</subfield>
<subfield code="6">880-06</subfield>
<subfield code="v">4.</subfield>
</datafield>
<datafield tag="880" ind1=" " ind2="0">
<subfield code="6">830-06/</subfield>
<subfield code="a">سلسلة الثقافية ؛</subfield>
<subfield code="v">4.</subfield>
</datafield>
<datafield tag="OWN" ind1=" " ind2=" ">
<subfield code="a">GENERAL</subfield>
</datafield>
<datafield tag="AVA" ind1=" " ind2=" ">
<subfield code="a">NYU50</subfield>
<subfield code="b">BOBST</subfield>
<subfield code="c">Main Collection</subfield>
<subfield code="d">PJ7750.A25 Z59</subfield>
<subfield code="e">unavailable</subfield>
<subfield code="t">Unavailable</subfield>
<subfield code="f">1</subfield>
<subfield code="g">1</subfield>
<subfield code="h">N</subfield>
<subfield code="i">0</subfield>
<subfield code="j">MAIN</subfield>
<subfield code="k">0</subfield>
</datafield>
</record>
